%%%% Video Magnification
@article{wadhwa2013phase,
  title={Phase-based video motion processing},
  author={Wadhwa, Neal and Rubinstein, Michael and Durand, Fr{\'e}do and Freeman, William T},
  journal={ACM Transactions on Graphics (TOG)},
  volume={32},
  number={4},
  pages={80},
  year={2013},
  publisher={ACM}
}

@inproceedings{wadhwa2014riesz,
  title={Riesz pyramids for fast phase-based video magnification},
  author={Wadhwa, Neelanshi and Rubinstein, Marcos and Durand, Frederic and Freeman, William T},
  booktitle={Computational Photography (ICCP), 2014 IEEE International Conference on},
  pages={1--10},
  year={2014},
  organization={IEEE}
}


%%%% Video Loops
@inproceedings{schodl2000video,
  title={Video textures},
  author={Sch{\"o}dl, Arno and Szeliski, Richard and Salesin, David H and Essa, Irfan},
  booktitle={Proceedings of the 27th annual conference on Computer graphics and interactive techniques},
  pages={489--498},
  year={2000},
  organization={ACM Press/Addison-Wesley Publishing Co.}
}

%%%% Time Series Processing
@book{kantz2004nonlinear,
  title={Nonlinear time series analysis},
  author={Kantz, Holger and Schreiber, Thomas},
  volume={7},
  year={2004},
  publisher={Cambridge university press}
}


@article{perea2013sliding,
  title={Sliding windows and persistence: An application of topological methods to signal analysis},
  author={Perea, Jose A and Harer, John},
  journal={Foundations of Computational Mathematics},
  volume={15},
  number={3},
  pages={799--838},
  year={2013},
  publisher={Springer}
}


%TDA
@book{edelsbrunner2010computational,
  title={Computational topology: an introduction},
  author={Edelsbrunner, Herbert and Harer, John},
  year={2010},
  publisher={American Mathematical Soc.}
}

%%%Circular Coordinates Cohomology
@article{de2011persistent,
  title={Persistent cohomology and circular coordinates},
  author={De Silva, Vin and Morozov, Dmitriy and Vejdemo-Johansson, Mikael},
  journal={Discrete \& Computational Geometry},
  volume={45},
  number={4},
  pages={737--759},
  year={2011},
  publisher={Springer}
}




